
@Article{AB1985,
  author = 	 {C.~-O.~Almbladh and U.~von Barth},
  title = 	 {{Exact results for the charge and spin densities, exchange-correlation potentials, and density-functional eigenvalues}},
  journal = 	 {Phys.\ Rev.\ B},
  year = 	 {1985},
  OPTkey = 	 {},
  volume = 	 {31},
  number = 	 {6},
  pages = 	 {3231-3244},
  month = 	 {MARCH},
  OPTnote = 	 {},
  OPTannote = 	 {}
}

@Article{ABA2000,
  author = 	 {Satrajit Adhikari and Gert D.~Billing and Alexander Alijah and Sheng H.~Lin and Michael Baer},
  title = 	 {{Extended approximated {Born-Oppenheimer} equation. II. Application}},
  journal = 	 {Phys.\ Rev.\ A},
  year = 	 {2000},
  OPTkey = 	 {},
  volume = 	 {62},
  OPTnumber = 	 {},
  pages = 	 {032507-1-7},
  month = 	 {August},
  OPTnote = 	 {},
  OPTannote = 	 {}
}

@Article{ACF2002,
  author = 	 {S.~N.~Altunata and J.~Cao and R.~W.~Field},
  title = 	 {{Semiclassical modeling of Rydberg wave-packet dynamics in diatomic molecules: Average decoupling theory}},
  journal = 	 {Phys.\ Rev.\ A},
  year = 	 {2002},
  OPTkey = 	 {},
  volume = 	 {65},
  OPTnumber = 	 {},
  pages = 	 {053415-1-16},
  OPTmonth = 	 {},
  OPTnote = 	 {},
  OPTannote = 	 {}
}

@Article{ADB1988,
  author = 	 {A.~D.~Becke},
  title = 	 {{Density-functional exchange-energy approximation with correct asymptotic behavior}},
  journal = 	 {Phys.\ Rev.\ A},
  year = 	 {1988},
  OPTkey = 	 {},
  volume = 	 {38},
  number = 	 {6},
  pages = 	 {3098-3100},
  month = 	 {SEPTEMBER},
  OPTnote = 	 {},
  OPTannote = 	 {}
}

@Article{AF2003,
  author = 	 {S.~N.~Altunata and R.~W.~Field},
  title = 	 {{Modeling LiH potential-energy curves: An approach based on integration in finite space}},
  journal = 	 {Phys.\ Rev.\ A},
  year = 	 {2003},
  OPTkey = 	 {},
  volume = 	 {67},
  OPTnumber = 	 {},
  pages = 	 {022507-1-13},
  month = 	 {February},
  OPTnote = 	 {},
  OPTannote = 	 {}
}

@Article{AG1997,
  author = 	 {Andreas G\"{o}rling},
  title = 	 {{Time-dependent Kohn-Sham formalism}},
  journal = 	 {Phys.\ Rev.\ A},
  year = 	 {1997},
  OPTkey = 	 {},
  volume = 	 {55},
  number = 	 {4},
  pages = 	 {2630-2639},
  month = 	 {APRIL},
  OPTnote = 	 {},
  OPTannote = 	 {}
}

@Article{AG1998,
  author = 	 {Andreas G\"{o}rling},
  title = 	 {{Exact exchange-correlation kernel for dynamic response properties and excitation energies in density-functional theory}},
  journal = 	 {Phys.\ Rev.\ A},
  year = 	 {1998},
  OPTkey = 	 {},
  volume = 	 {57},
  number = 	 {5},
  pages = 	 {3433-3436},
  month = 	 {MAY},
  OPTnote = 	 {},
  OPTannote = 	 {}
}

@Article{AG1999,
  author = 	 {Andreas G\"{o}rling},
  title = 	 {{New KS Method for Molecules Based on an Exchange Charge Density Generating the Exact Local KS Exchange Potential}},
  journal = 	 {Phys.\ Rev.\ Lett.},
  year = 	 {1999},
  OPTkey = 	 {},
  volume = 	 {83},
  number = 	 {26},
  pages = 	 {5459-5462},
  month = 	 {DECEMBER},
  OPTnote = 	 {},
  OPTannote = 	 {}
}

@Article{AG2002,
  author = 	 {F.~Aryasetiawan and O.~Gunnarsson},
  title = 	 {{Exchange-correlation kernel in time-dependent density functional theory}},
  journal = 	 {Phys.\ Rev.\ B},
  year = 	 {2002},
  OPTkey = 	 {},
  volume = 	 {66},
  OPTnumber = 	 {},
  pages = 	 {165119-1-7},
  OPTmonth = 	 {},
  OPTnote = 	 {},
  OPTannote = 	 {}
}

@Article{AGL1996,
  author = 	 {Mireille Aymar and Chris H.~Greene and Eliane Luc-Koenig},
  title = 	 {{Multichannel Rydberg spectroscopy of complex atoms}},
  journal = 	 {Rev.\ Mod.\ Phys.},
  year = 	 {1996},
  OPTkey = 	 {},
  volume = 	 {68},
  number = 	 {4},
  pages = 	 {1015-1123},
  month = 	 {October},
  OPTnote = 	 {},
  OPTannote = 	 {}
}

@Article{AJL2001,
  author = 	 {Anthony J.~Leggett},
  title = 	 {{Bose-Einstein condensation in the alkali gases: Some fundamental concepts}},
  journal = 	 {Rev.\ Mod.\ Phys.},
  year = 	 {2001},
  OPTkey = 	 {},
  volume = 	 {73},
  OPTnumber = 	 {},
  pages = 	 {307-356},
  month = 	 {APRIL},
  OPTnote = 	 {},
  OPTannote = 	 {}
}

@Article{ANF1988,
  author = 	 {Andrew N.~Feldt},
  title = 	 {{Accuracy of Hartree-Fock wave functions for electron-H$_2$ scattering calculations}},
  journal = 	 {Phys.\ Rev.\ A},
  year = 	 {1988},
  OPTkey = 	 {},
  volume = 	 {37},
  number = 	 {9},
  pages = 	 {3573-3576},
  month = 	 {MAY},
  OPTnote = 	 {},
  OPTannote = 	 {}
}

@Article{AP1984,
  author = 	 {C.~-O.~Almbladh and A.~C.~Pedroza},
  title = 	 {{Density-functional exchange-correlation potentials and orbital eigenvalues for light atoms}},
  journal = 	 {Phys.\ Rev.\ A},
  year = 	 {1984},
  OPTkey = 	 {},
  volume = 	 {29},
  number = 	 {5},
  pages = 	 {2322-2330},
  month = 	 {MAY},
  OPTnote = 	 {},
  OPTannote = 	 {}
}

@Article{AUH1981,
  author = 	 {A.~U.~Hazi},
  title = 	 {{Impact-parameter method for electronic excitation of molecules by electron impact}},
  journal = 	 {Phys.\ Rev.\ A},
  year = 	 {1981},
  OPTkey = 	 {},
  volume = 	 {23},
  number = 	 {5},
  pages = 	 {2232-2240},
  month = 	 {MAY},
  OPTnote = 	 {},
  OPTannote = 	 {}
}

@Article{AV2001,
  author = 	 {J.~R.~Anglin and A.~Vardi},
  title = 	 {{Dynamics of a two-mode Bose-Einstein condensate beyond mean-field theory}},
  journal = 	 {Phys.\ Rev.\ A},
  year = 	 {2001},
  OPTkey = 	 {},
  volume = 	 {64},
  OPTnumber = 	 {},
  pages = 	 {013605-1-9},
  month = 	 {May},
  OPTnote = 	 {},
  OPTannote = 	 {}
}

@Article{AZ1999,
  author = 	 {Anton Zeilinger},
  title = 	 {{Experiment and the foundations of quantum physics}},
  journal = 	 {Rev.\ Mod.\ Phys.},
  year = 	 {1999},
  OPTkey = 	 {},
  volume = 	 {71},
  number = 	 {2},
  pages = 	 {S288-S297},
  OPTmonth = 	 {},
  OPTnote = 	 {},
  OPTannote = 	 {}
}

@Article{BIS1975_2,
  author = 	 {Barry I.~Schneider},
  title = 	 {{$R$-matrix theory for electron-molecule collisions using analytic basis set expansions. II. Electron-H$_2$ scattering in the static-exchange model}},
  journal = 	 {Phys.\ Rev.\ A},
  year = 	 {1975},
  OPTkey = 	 {},
  volume = 	 {11},
  number = 	 {6},
  pages = 	 {1957-1962},
  month = 	 {JUNE},
  OPTnote = 	 {},
  OPTannote = 	 {}
}

@Article{BIS1985,
  author = 	 {B.~I.~Schneider},
  title = 	 {{Application of projection methods to scattering calculations}},
  journal = 	 {Phys.\ Rev.\ A},
  year = 	 {1985},
  OPTkey = 	 {},
  volume = 	 {31},
  number = 	 {4},
  pages = 	 {2188-2192},
  month = 	 {APRIL},
  OPTnote = 	 {},
  OPTannote = 	 {}
}

@Article{BLA2000,
  author = 	 {Michael Baer and Sheng H.~Lin and Alexander Alijah and Satrajit Adhikari and Gert D.~Billing},
  title = 	 {{Extended approximated Born-Oppenheimer equation. I. Theory}},
  journal = 	 {Phys.\ Rev.\ A},
  year = 	 {2000},
  OPTkey = 	 {},
  volume = 	 {62},
  OPTnumber = 	 {},
  pages = 	 {032506-1-8},
  month = 	 {August},
  OPTnote = 	 {},
  OPTannote = 	 {}
}

@Article{BR1999,
  author = 	 {G.~Binnig and H.~Rohrer},
  title = 	 {{In touch with atoms}},
  journal = 	 {Rev.\ Mod.\ Phys.},
  year = 	 {1999},
  OPTkey = 	 {},
  volume = 	 {71},
  number = 	 {2},
  pages = 	 {S324-S330},
  OPTmonth = 	 {},
  OPTnote = 	 {},
  OPTannote = 	 {}
}

@Article{BSD1957,
  author = 	 {BRYCE S.~DEWITT},
  title = 	 {{Dynamical Theory in CUrved Spaces. I. A Review of the Classical and Quantum Action Principles}},
  journal = 	 {Rev.\ Mod.\ Phys.},
  year = 	 {1957},
  OPTkey = 	 {},
  volume = 	 {29},
  number = 	 {3},
  pages = 	 {377-397},
  month = 	 {JULY},
  OPTnote = 	 {},
  OPTannote = 	 {}
}

@Article{CF1972,
  author = 	 {E.~S.~Chang and U.~Fano},
  title = 	 {{Theory of Electron-Molecule Collisions by Frame Transformations}},
  journal = 	 {Phys.\ Rev.\ A},
  year = 	 {1972},
  OPTkey = 	 {},
  volume = 	 {6},
  number = 	 {1},
  pages = 	 {173-185},
  month = 	 {JULY},
  OPTnote = 	 {},
  OPTannote = 	 {}
}

@Article{CJH2000,
  author = 	 {Craig J.~Hogan},
  title = 	 {{Why the universe is just so}},
  journal = 	 {Rev.\ Mod.\ Phys.},
  year = 	 {2000},
  OPTkey = 	 {},
  volume = 	 {72},
  number = 	 {4},
  pages = 	 {1149-1161},
  month = 	 {October},
  OPTnote = 	 {},
  OPTannote = 	 {}
}

@Article{CM1982,
  author = 	 {L.~A.~Collins and M.~A.~Morrison},
  title = 	 {{Exchange in low-energy $e$-CO$_2$ collisions}},
  journal = 	 {Phys.\ Rev.\ A},
  year = 	 {1982},
  OPTkey = 	 {},
  volume = 	 {25},
  number = 	 {3},
  pages = 	 {1764-1767},
  month = 	 {MARCH},
  OPTnote = 	 {},
  OPTannote = 	 {}
}

@Article{CMD1994,
  author = 	 {M.~A.~Coplan and J.~H.~Moore and J.~P.~Doering},
  title = 	 {{(e,2e) spectroscopy}},
  journal = 	 {Rev.\ Mod.\ Phys.},
  year = 	 {1994},
  OPTkey = 	 {},
  volume = 	 {66},
  number = 	 {3},
  pages = 	 {985-1014},
  OPTmonth = 	 {},
  OPTnote = 	 {},
  OPTannote = 	 {}
}

@Article{CP1977_1,
  author = 	 {B.~H.~Choi and Robert T.~Poe},
  title = 	 {{Vibrational and rotational transitions in low-energy electron-diatomic-molecule collisions. I. Close-coupling theory in the moving body-fixed frame}},
  journal = 	 {Phys.\ Rev.\ A},
  year = 	 {1977},
  OPTkey = 	 {},
  volume = 	 {16},
  number = 	 {5},
  pages = 	 {1821-1830},
  month = 	 {NOVEMBER},
  OPTnote = 	 {},
  OPTannote = 	 {}
}

@Article{CP1977_2,
  author = 	 {B.~H.~Choi and Robert T.~Poe},
  title = 	 {{Vibrational and rotantional transitions in low-energy electron-diatomic-molecule collisions. II. Hybrid theory and close-coupling theory: An $l_z$-conserving close-coupling approximation}},
  journal = 	 {Phys.\ Rev.\ A},
  year = 	 {1977},
  OPTkey = 	 {},
  volume = 	 {16},
  number = 	 {5},
  pages = 	 {1831-1840},
  month = 	 {NOVEMBER},
  OPTnote = 	 {},
  OPTannote = 	 {}
}

@Article{CRN1979,
  author = 	 {L.~A.~Collins and W.~D.~Robb and D.~W.~Norcross},
  title = 	 {{Low-energy collisions of electrons with highly polar molecules: Orthogonalization and model exchange potentials}},
  journal = 	 {Phys.\ Rev.\ A},
  year = 	 {1979},
  OPTkey = 	 {},
  volume = 	 {20},
  number = 	 {5},
  pages = 	 {1838-1840},
  month = 	 {NOVEMBER},
  OPTnote = 	 {},
  OPTannote = 	 {}
}

@Article{CS1981,
  author = 	 {L.~A.~Collins and B.~I.~Schneider},
  title = 	 {{Linear-algebraic approach to electron-molecule collisions: General formulation}},
  journal = 	 {Phys.\ Rev.\ A},
  year = 	 {1981},
  OPTkey = 	 {},
  volume = 	 {24},
  number = 	 {5},
  pages = 	 {2387-2401},
  month = 	 {NOVEMBER},
  OPTnote = 	 {},
  OPTannote = 	 {}
}

@Article{CWC1979_2,
  author = 	 {Charles W.~Clark},
  title = 	 {{Electron scattering from diatomic polar molecules. II. Treatment by frame transformations}},
  journal = 	 {Phys.\ Rev.\ A},
  year = 	 {1979},
  OPTkey = 	 {},
  volume = 	 {20},
  number = 	 {5},
  pages = 	 {1875-1889},
  month = 	 {NOVEMBER},
  OPTnote = 	 {},
  OPTannote = 	 {}
}

@Article{CZ1983,
  author = 	 {P.~Carruthers and F.~Zachariasen},
  title = 	 {{Quantum collision theory with phase-space distributions}},
  journal = 	 {Rev.\ Mod.\ Phys.},
  year = 	 {1983},
  OPTkey = 	 {},
  volume = 	 {55},
  number = 	 {1},
  pages = 	 {245-285},
  month = 	 {January},
  OPTnote = 	 {},
  OPTannote = 	 {}
}

@Article{DCL1984,
  author = 	 {David C.~Langreth},
  title = 	 {{New Theoretical Support for Density-Functional Theory as Commonly Applied}},
  journal = 	 {Phys.\ Rev.\ Lett.},
  year = 	 {1984},
  OPTkey = 	 {},
  volume = 	 {52},
  number = 	 {26},
  pages = 	 {2317-2320},
  month = 	 {JUNE},
  OPTnote = 	 {},
  OPTannote = 	 {}
}

@Article{DDG1999,
  author = 	 {Sheldon Datz and G.~W.~F.~Drake and T.~F.~Gallagher and H.~Kleinpoppen and G.~zu Putlitz},
  title = 	 {{Atomic physics}},
  journal = 	 {Rev.\ Mod.\ Phys.},
  year = 	 {1999},
  OPTkey = 	 {},
  volume = 	 {71},
  number = 	 {2},
  pages = 	 {S223-S241},
  OPTmonth = 	 {},
  OPTnote = 	 {},
  OPTannote = 	 {}
}

@Article{DDL1994,
  author = 	 {E.~Deumens and A.~Diz and R.longo and Y.~\"{O}hrn},
  title = 	 {{Time-dependent theoretical treatments of the dynamics of electrons and nuclei in molecular systems}},
  journal = 	 {Rev.\ Mod.\ Phys.},
  year = 	 {1994},
  OPTkey = 	 {},
  volume = 	 {66},
  number = 	 {3},
  pages = 	 {917-983},
  OPTmonth = 	 {},
  OPTnote = 	 {},
  OPTannote = 	 {}
}

@Article{DF2001,
  author = 	 {Florian Dufey and Sighart Fischer},
  title = 	 {{Infinite-order non-{Born-Oppenheimer} perturbation theory for systems with intersecting potentials}},
  journal = 	 {Phys.\ Rev.\ A},
  year = 	 {2001},
  OPTkey = 	 {},
  volume = 	 {63},
  OPTnumber = 	 {},
  pages = 	 {042510-1-11},
  month = 	 {March},
  OPTnote = 	 {},
  OPTannote = 	 {}
}

@Article{DGP1999,
  author = 	 {Franco Dalfovo and Stefano Giorgini and Lev P.~Pitaevskii and Sandro Stringari},
  title = 	 {{Theory of Bose-Einstein condensation in trapped gases}},
  journal = 	 {Rev.\ Mod.\ Phys.},
  year = 	 {1999},
  OPTkey = 	 {},
  volume = 	 {71},
  number = 	 {3},
  pages = 	 {463-512},
  month = 	 {April},
  OPTnote = 	 {},
  OPTannote = 	 {}
}

@Article{DH1999,
  author = 	 {Dudley Herschbach},
  title = 	 {{Chemical physics: Molecular clouds, clusters, and corrals}},
  journal = 	 {Rev.\ Mod.\ Phys.},
  year = 	 {1999},
  OPTkey = 	 {},
  volume = 	 {71},
  number = 	 {2},
  pages = 	 {S411-S418},
  OPTmonth = 	 {},
  OPTnote = 	 {},
  OPTannote = 	 {}
}

@Article{DK1999,
  author = 	 {Daniel Kleppner},
  title = 	 {{A short history of atomic physics in the twentieth century}},
  journal = 	 {Rev.\ Mod.\ Phys.},
  year = 	 {1999},
  OPTkey = 	 {},
  volume = 	 {71},
  number = 	 {2},
  pages = 	 {S78-S84},
  OPTmonth = 	 {},
  OPTnote = 	 {},
  OPTannote = 	 {}
}

@Article{DMB1990,
  author = 	 {David M.~Bishop},
  title = 	 {{Molecular vibrational and rotational motion in static and dynamic electric fields}},
  journal = 	 {Rev.\ Mod.\ Phys.},
  year = 	 {1990},
  OPTkey = 	 {},
  volume = 	 {62},
  number = 	 {2},
  pages = 	 {343-374},
  month = 	 {April},
  OPTnote = 	 {},
  OPTannote = 	 {}
}

@Article{DMC1999,
  author = 	 {D.~M.~Ceperley},
  title = 	 {{Microscopic simulations in physics}},
  journal = 	 {Rev.\ Mod.\ Phys.},
  year = 	 {1999},
  OPTkey = 	 {},
  volume = 	 {71},
  number = 	 {2},
  pages = 	 {S438-S443},
  OPTmonth = 	 {},
  OPTnote = 	 {},
  OPTannote = 	 {}
}

@Article{DV1999,
  author = 	 {Irene D'Amico and Giovanni Vignale},
  title = 	 {{Exact exchange-correlation potential for a time-dependent two-electron system}},
  journal = 	 {Phys.\ Rev.\ B},
  year = 	 {1999},
  OPTkey = 	 {},
  volume = 	 {59},
  number = 	 {12},
  pages = 	 {7876-7887},
  OPTmonth = 	 {},
  OPTnote = 	 {},
  OPTannote = 	 {}
}

@Article{DWN1982,
  author = 	 {D.~W.~Norcross},
  title = 	 {{Application of the adiabatic-nuclei approximation to energy-loss cross scetions for collisions with molecules}},
  journal = 	 {Phys.\ Rev.\ A},
  year = 	 {1982},
  OPTkey = 	 {},
  volume = 	 {25},
  number = 	 {2},
  pages = 	 {764-772},
  OPTmonth = 	 {},
  OPTnote = 	 {},
  OPTannote = 	 {}
}

@Article{DZG1997,
  author = 	 {David Z.~Goodson},
  title = 	 {{Self-consistent-field perturbation theory for the Schr\"{o}dinger equation}},
  journal = 	 {Phys.\ Rev.\ A},
  year = 	 {1997},
  OPTkey = 	 {},
  volume = 	 {55},
  number = 	 {6},
  pages = 	 {4155-4163},
  month = 	 {JUNE},
  OPTnote = 	 {},
  OPTannote = 	 {}
}

@Article{ED1994,
  author = 	 {Elbio Dagotto},
  title = 	 {{Correlated electrons in high-temperature superconductors}},
  journal = 	 {Rev.\ Mod.\ Phys.},
  year = 	 {1994},
  OPTkey = 	 {},
  volume = 	 {66},
  number = 	 {3},
  pages = 	 {763-840},
  OPTmonth = 	 {},
  OPTnote = 	 {},
  OPTannote = 	 {}
}

@Article{EFH1988,
  author = 	 {H.~Englishch and H.~Fieseler and A.~Haufe},
  title = 	 {{Density-functional calculations for excited-state energies}},
  journal = 	 {Phys.\ Rev.\ A},
  year = 	 {1988},
  OPTkey = 	 {},
  volume = 	 {37},
  number = 	 {12},
  pages = 	 {4570-4576},
  month = 	 {JUNE},
  OPTnote = 	 {},
  OPTannote = 	 {}
}

@Article{EHD2000,
  author = 	 {E.~Engel and A.~H\"{o}ck and R.~M.~Dreizler},
  title = 	 {{van der Waals bonds in density-functional theory}},
  journal = 	 {Phys.\ Rev.\ A},
  year = 	 {2000},
  OPTkey = 	 {},
  volume = 	 {61},
  OPTnumber = 	 {},
  pages = 	 {032502-1-5},
  month = 	 {February},
  OPTnote = 	 {},
  OPTannote = 	 {}
}

@Article{EJB2001,
  author = 	 {E.~J.~Baerends},
  title = 	 {{Exact Exchange-Correlation Treatment of Dissociated H$_2$ in Density Functional Theory}},
  journal = 	 {Phys.\ Rev.\ Lett.},
  year = 	 {2001},
  OPTkey = 	 {},
  volume = 	 {87},
  number = 	 {13},
  pages = 	 {133004-1-4},
  month = 	 {SEPTEMBER},
  OPTnote = 	 {},
  OPTannote = 	 {}
}

@Article{FM1984,
  author = 	 {Andrew N.~Feldt and Michael A.~Morrison},
  title = 	 {{Scaled adiabatic-nuclear-rotation theory for near-threshold rotational excitation in electron-molecule scattering}},
  journal = 	 {Phys.\ Rev.\ A},
  year = 	 {1984},
  OPTkey = 	 {},
  OPTvolume = 	 {29},
  OPTnumber = 	 {1},
  OPTpages = 	 {401-404},
  OPTmonth = 	 {JANUARY},
  OPTnote = 	 {},
  OPTannote = 	 {}
}

@Article{FMF1994,
  author = 	 {Francisco M.~Fern\'{a}ndez},
  title = 	 {{Corrections to the {Born-Oppenheimer} approximation by means of perturbation theory}},
  journal = 	 {Phys.\ Rev.\ A},
  year = 	 {1994},
  OPTkey = 	 {},
  volume = 	 {50},
  number = 	 {4},
  pages = 	 {2953-2959},
  month = 	 {OCTOBER},
  OPTnote = 	 {},
  OPTannote = 	 {}
}

@Article{FSL2000,
  author = 	 {Hao Feng and Weiguo Sun and Qineng Liu},
  title = 	 {{Potential energy curves of some electronic excited states of metal diatomic molecules using the energy consistent method}},
  journal = 	 {J.\ Mol.\ Spectrosc.},
  year = 	 {2000},
  OPTkey = 	 {},
  volume = 	 {204},
  number = 	 {1},
  pages = 	 {80-84},
  month = 	 {November},
  OPTnote = 	 {},
  OPTannote = 	 {}
}

@Article{FSM2003,
  author = 	 {Hao Feng and Weiguo Sun and Michael A.~Morrison},
  title = 	 {{Parameter-free nonadiabatic correlation-polarization potential for vibrational excitation in electron-molecule scattering: Application to $e$-N$_2$ collisions}},
  journal = 	 {Phys.\ Rev.\ A},
  year = 	 {2003},
  OPTkey = 	 {},
  volume = 	 {68},
  OPTnumber = 	 {},
  pages = 	 {062709-1-14},
  OPTmonth = 	 {},
  OPTnote = 	 {},
  OPTannote = 	 {}
}

@Article{FUG1996,
  author = 	 {Claudia Filippi and C.~J.~Umrigar and Xavier Gonze},
  title = 	 {{Separation of the exchange-correlation potential into exchange plus correlation: An optimized effective potential approach}},
  journal = 	 {Phys.\ Rev.\ A},
  year = 	 {1996},
  OPTkey = 	 {},
  volume = 	 {54},
  number = 	 {6},
  pages = 	 {4810-4814},
  month = 	 {DECEMBER},
  OPTnote = 	 {},
  OPTannote = 	 {}
}

@Article{GAN1995,
  author = 	 {J.~G\'{o}mez-Camacho and J.~M.~Arias and M.~A.~Nagarajan},
  title = 	 {{Analytic description of the scattering of electrons by molecules}},
  journal = 	 {Phys.\ Rev.\ A},
  year = 	 {1995},
  OPTkey = 	 {},
  volume = 	 {51},
  number = 	 {5},
  pages = 	 {3799-3811},
  month = 	 {MAY},
  OPTnote = 	 {},
  OPTannote = 	 {}
}

@Article{GCS1989,
  author = 	 {George C.~Schatz},
  title = 	 {{The analytical representation of electronic potential-energy surfaces}},
  journal = 	 {Rev.\ Mod.\ Phys.},
  year = 	 {1989},
  OPTkey = 	 {},
  volume = 	 {61},
  number = 	 {3},
  pages = 	 {669-688},
  month = 	 {July},
  OPTnote = 	 {},
  OPTannote = 	 {}
}

@Article{GG1990,
  author = 	 {Hong Gao and Chris H.~Greene},
  title = 	 {{Alternative vibrational frame transformation for electron-molecule scattering}},
  journal = 	 {Phys.\ Rev.\ A},
  year = 	 {1990},
  OPTkey = 	 {},
  volume = 	 {42},
  number = 	 {11},
  pages = 	 {6946-6949},
  month = 	 {DECEMBE},
  OPTnote = 	 {},
  OPTannote = 	 {}
}

@Article{GG1994,
  author = 	 {{G.~Gr\"{u}ner}},
  title = 	 {{The dynamics of spin-density waves}},
  journal = 	 {Rev.\ Mod.\ Phys.},
  year = 	 {1994},
  OPTkey = 	 {},
  volume = 	 {66},
  number = 	 {1},
  pages = 	 {1-24},
  month = 	 {January},
  OPTnote = 	 {},
  OPTannote = 	 {}
}

@Article{GH1990,
  author = 	 {R.~Graham and M.~H\"{o}hnerbach},
  title = 	 {{Quantum Map for Molecular Vibrations in High-Frequency Fields}},
  journal = 	 {Phys.\ Rev.\ Lett.},
  year = 	 {1990},
  OPTkey = 	 {},
  volume = 	 {64},
  number = 	 {6},
  pages = 	 {637-640},
  month = 	 {FEBRUARY},
  OPTnote = 	 {},
  OPTannote = 	 {}
}

@Article{GHG2001,
  author = 	 {Brian E.~Granger and Edward L.~Hamilton and Chris H.~Greene},
  title = 	 {{Quantum and semiclassical analysis of long-range Rydberg molecules}},
  journal = 	 {Phys.\ Rev.\ A},
  year = 	 {2001},
  OPTkey = 	 {},
  volume = 	 {64},
  OPTnumber = 	 {},
  pages = 	 {042508-1-9},
  month = 	 {September},
  OPTnote = 	 {},
  OPTannote = 	 {}
}

@Article{GL1994,
  author = 	 {Andreas G\"{o}rling and Mel Levy},
  title = 	 {{Exact Kohn-Sham scheme based on perturbation theory}},
  journal = 	 {Phys.\ Rev.\ A},
  year = 	 {1994},
  OPTkey = 	 {},
  volume = 	 {50},
  number = 	 {1},
  pages = 	 {196-204},
  month = 	 {JULY},
  OPTnote = 	 {},
  OPTannote = 	 {}
}

@Article{GLT1971,
  author = 	 {D.~E.~GOLDEN and NEAL F.~LANE and A.~TEMKIN and E.~GERJUOY},
  title = 	 {{Low Energy Electron-Molecule Scattering Experiments and the Theory of Rotational Excitation}},
  journal = 	 {Rev.\ Mod.\ Phys.},
  year = 	 {1971},
  OPTkey = 	 {},
  volume = 	 {43},
  number = 	 {4},
  pages = 	 {642-678},
  month = 	 {OCTOBER},
  OPTnote = 	 {},
  OPTannote = 	 {}
}

@Article{GLT1984,
  author = 	 {Thomas L.~Gibson and Marco A.~P.~Lima and Kazuo Takatsuka and Vincent McKoy},
  title = 	 {{\textit{Ab initio} inclusion of polarization effects in the Schwinger multichannel formulation: Application to elastic $e$-H$_2$ scattering}},
  journal = 	 {Phys.\ Rev.\ A},
  year = 	 {1984},
  OPTkey = 	 {},
  OPTvolume = 	 {30},
  OPTnumber = 	 {6},
  OPTpages = 	 {3005-3011},
  OPTmonth = 	 {DECEMBER},
  OPTnote = 	 {},
  OPTannote = 	 {}
}

@Article{GRM1985,
  author = 	 {Bruce C.~Garrett and Lynn T.~Redmon and C.~W.~McCurdy and Michael J.~Redmon},
  title = 	 {{Electronic excitation and dissociation of O$_2$ and S$_2$ by electron impact}},
  journal = 	 {Phys.\ Rev.\ A},
  year = 	 {1985},
  OPTkey = 	 {},
  volume = 	 {32},
  number = 	 {6},
  pages = 	 {3366-3375},
  month = 	 {DECEMBER},
  OPTnote = 	 {},
  OPTannote = 	 {}
}

@Article{GRR1993,
  author = 	 {Franco A.~Gianturco and Juan A.~Rodriguez-Ruiz},
  title = 	 {{Correlation forces in electron-scattering processes via density-functional theory: Electron collisions with closed-shell atoms}},
  journal = 	 {Phys.\ Rev.\ A},
  year = 	 {1993},
  OPTkey = 	 {},
  volume = 	 {47},
  number = 	 {2},
  pages = 	 {1075-1086},
  month = 	 {FEBRUARY},
  OPTnote = 	 {},
  OPTannote = 	 {}
}

@Article{GS2004,
  author = 	 {R.~Gonzalez-Ferez and P.~Schmelcher},
  title = 	 {{Rovibrational spectra of diatomic molecules in strong electric fields: The adiabatic regime}},
  journal = 	 {Phys.\ Rev.\ A},
  year = 	 {2004},
  OPTkey = 	 {},
  volume = 	 {69},
  OPTnumber = 	 {},
  pages = 	 {023402-1-11},
  OPTmonth = 	 {},
  OPTnote = 	 {},
  OPTannote = 	 {}
}

@Article{HA1986,
  author = 	 {E.~W.~Holler and L.~J.~Allen},
  title = 	 {{Local exchange potentials for intermediate-energy $e$-He scattering}},
  journal = 	 {Phys.\ Rev.\ A},
  year = 	 {1986},
  OPTkey = 	 {},
  volume = 	 {33},
  number = 	 {6},
  pages = 	 {3774-3778},
  month = 	 {JUNE},
  OPTnote = 	 {},
  OPTannote = 	 {}
}

@Article{HAB1999,
  author = 	 {Hans A.~Bethe},
  title = 	 {{Quantum theory}},
  journal = 	 {Rev.\ Mod.\ Phys.},
  year = 	 {1999},
  OPTkey = 	 {},
  volume = 	 {71},
  number = 	 {2},
  pages = 	 {S1-S5},
  OPTmonth = 	 {},
  OPTnote = 	 {},
  OPTannote = 	 {}
}

@Article{HDM1986,
  author = 	 {H.~-D.~Meyer},
  title = 	 {{Electron-molecule scattering treated with the use of separable approximations for the nonlocal part of the interaction: Static exchange calculations for $e^-$+H$_2$ and $e^-$+N$_2$}},
  journal = 	 {Phys.\ Rev.\ A},
  year = 	 {1986},
  OPTkey = 	 {},
  volume = 	 {34},
  number = 	 {3},
  pages = 	 {1797-1809},
  month = 	 {SEPTEMBER},
  OPTnote = 	 {},
  OPTannote = 	 {}
}

@Article{HG1992,
  author = 	 {Hong Gao},
  title = 	 {{Vibrational excitation of H$_2$ by electron impact: An energy-dependent vibrational-frame-transformation approach}},
  journal = 	 {Phys.\ Rev.\ A},
  year = 	 {1992},
  OPTkey = 	 {},
  volume = 	 {45},
  number = 	 {9},
  pages = 	 {6895-6898},
  month = 	 {MAY},
  OPTnote = 	 {},
  OPTannote = 	 {}
}

@Article{HM1995,
  author = 	 {A.~Holas and N.~H.~March},
  title = 	 {{Exact exchage-correlation potential and approximate exchange potential in terms of density matrices}},
  journal = 	 {Phys.\ Rev.\ A},
  year = 	 {1995},
  OPTkey = 	 {},
  volume = 	 {51},
  number = 	 {3},
  pages = 	 {2040-2048},
  month = 	 {MARCH},
  OPTnote = 	 {},
  OPTannote = 	 {}
}

@Article{HM1997,
  author = 	 {A.~Holas and N.~H.~March},
  title = 	 {{Calculational scheme for exact exchange and correlation potentials based on the equation of motion for density matrix plus the perturbation theory}},
  journal = 	 {Phys.\ Rev.\ A},
  year = 	 {1997},
  OPTkey = 	 {},
  OPTvolume = 	 {56},
  OPTnumber = 	 {5},
  OPTpages = 	 {3597-3613},
  OPTmonth = 	 {NOVEMBER},
  OPTnote = 	 {},
  OPTannote = 	 {}
}

@Article{HS1989,
  author = 	 {Manoj K.~Harbola and Viraht Sahni},
  title = 	 {{Quantum-Mechanical Interpretation of the Exchange-Correlation Potential of Kohn-Sham Density-Functional Theory}},
  journal = 	 {Phys.\ Rev.\ Lett.},
  year = 	 {1989},
  OPTkey = 	 {},
  volume = 	 {62},
  number = 	 {5},
  pages = 	 {489-492},
  month = 	 {JANUARY},
  OPTnote = 	 {},
  OPTannote = 	 {}
}

@Article{HW2000,
  author = 	 {D.~J.~Heinzen and Roahn Wynar},
  title = 	 {{Superchemistry: Dynamics of Coupled Atomic and Molecular Bose-Einstein Condensates}},
  journal = 	 {Phys.\ Rev.\ Lett.},
  year = 	 {2000},
  OPTkey = 	 {},
  volume = 	 {84},
  number = 	 {22},
  pages = 	 {5029-5033},
  month = 	 {MAY},
  OPTnote = 	 {},
  OPTannote = 	 {}
}

@Article{IHB1999,
  author = 	 {Stanislav Ivanov and So Hirata and Rodney J.~Bartlett},
  title = 	 {{Exact Exchange Treatment for Molecules in Finite-Basis-Set Kohn-Sham Theory}},
  journal = 	 {Phys.\ Rev.\ Lett.},
  year = 	 {1999},
  OPTkey = 	 {},
  volume = 	 {83},
  number = 	 {26},
  pages = 	 {5455-5458},
  month = 	 {DECEMBER},
  OPTnote = 	 {},
  OPTannote = 	 {}
}

@Article{IIS1999,
  author = 	 {Irwin I.~Shapiro},
  title = 	 {{A century of relativity}},
  journal = 	 {Rev.\ Mod.\ Physics},
  year = 	 {1999},
  OPTkey = 	 {},
  volume = 	 {71},
  number = 	 {2},
  pages = 	 {S41-S53},
  OPTmonth = 	 {},
  OPTnote = 	 {},
  OPTannote = 	 {}
}

@Article{IM1996,
  author = 	 {William A.~Isaacs and Michael A.~Morrison},
  title = 	 {{Analytic {Born} completion in the calculation of electron-molecule differential cross sections}},
  journal = 	 {Phys.\ Rev.\ A},
  year = 	 {1996},
  OPTkey = 	 {},
  volume = 	 {53},
  number = 	 {6},
  pages = 	 {4215-4221},
  month = 	 {JUNE},
  OPTnote = 	 {},
  OPTannote = 	 {}
}

@Article{JBD1981,
  author = 	 {John B.~Delos},
  title = 	 {{Theory of electronic transitions in slow atomic collisions}},
  journal = 	 {Rev.\ Mod.\ Phys.},
  year = 	 {1981},
  OPTkey = 	 {},
  volume = 	 {53},
  number = 	 {2},
  pages = 	 {287-358},
  month = 	 {April},
  OPTnote = 	 {},
  OPTannote = 	 {}
}

@Article{JG1989,
  author = 	 {R.~O.~Jones and O.~Gunnarsson},
  title = 	 {{The density functional formalism, its applications and prospects}},
  journal = 	 {Rev.\ Mod.\ Phys.},
  year = 	 {1989},
  OPTkey = 	 {},
  volume = 	 {61},
  number = 	 {3},
  pages = 	 {689-746},
  OPTmonth = 	 {},
  OPTnote = 	 {},
  OPTannote = 	 {}
}

@Article{JN1992,
  author = 	 {Ashok Jain and D.~W.~Norcross},
  title = 	 {{Slow-electron collisions with CO molecules in an exact-exchange plus parameter-free polarization model}},
  journal = 	 {Phys.\ Rev.\ A},
  year = 	 {1992},
  OPTkey = 	 {},
  volume = 	 {45},
  number = 	 {3},
  pages = 	 {1644-1656},
  month = 	 {FEBRUARY},
  OPTnote = 	 {},
  OPTannote = 	 {}
}

@Article{JOA2004,
  author = 	 {Jens O.~Andersen},
  title = 	 {{Theory of the weakly interacting Bose gas}},
  journal = 	 {Rev.\ Mod.\ Phys.},
  year = 	 {2004},
  OPTkey = 	 {},
  volume = 	 {76},
  OPTnumber = 	 {},
  pages = 	 {599-639},
  month = 	 {APRIL},
  OPTnote = 	 {},
  OPTannote = 	 {}
}

@Article{JS1998,
  author = 	 {J.~Sapirstein},
  title = 	 {{Theoretical methods for the relativistic atomic many-body problem}},
  journal = 	 {Rev.\ Mod.\ Phys.},
  year = 	 {1998},
  OPTkey = 	 {},
  volume = 	 {70},
  number = 	 {1},
  pages = 	 {55-76},
  OPTmonth = 	 {},
  OPTnote = 	 {},
  OPTannote = 	 {}
}

@Article{JS2001,
  author = 	 {Janusz Skalski},
  title = 	 {{Self-consistent calculations of the exact Coulomb exchange effects in spherical nuclei}},
  journal = 	 {Phys.\ Rev.\ C},
  year = 	 {2001},
  OPTkey = 	 {},
  volume = 	 {63},
  OPTnumber = 	 {},
  pages = 	 {024312-1-6},
  OPTmonth = 	 {},
  OPTnote = 	 {},
  OPTannote = 	 {}
}

@Article{KM1995,
  author = 	 {Holger Kutz and Hans-Dieter Meyer},
  title = 	 {{Rotational excitation of N$_2$ and Cl$_2$ molecules by electron impact in the energy range 0.01-1000 eV: Investigation of excitation mechanisms}},
  journal = 	 {Phys.\ Rev.\ A},
  year = 	 {1995},
  OPTkey = 	 {},
  volume = 	 {51},
  number = 	 {5},
  pages = 	 {3819-3830},
  month = 	 {MAY},
  OPTnote = 	 {},
  OPTannote = 	 {}
}

@Article{KS1965,
  author = 	 {W.~KOHN and L.~J.~SHAM},
  title = 	 {{Self-Consitent Equations Including Exchange and Correlation Effects}},
  journal = 	 {Phys.\ Rev.},
  year = 	 {1965},
  OPTkey = 	 {},
  volume = 	 {140},
  number = 	 {4A},
  pages = 	 {A1133-A1138},
  month = 	 {NOVEMBER},
  OPTnote = 	 {},
  OPTannote = 	 {}
}

@Article{KW1980,
  author = 	 {C.~L.~Kirschbaum and L.~Wilets},
  title = 	 {{Classical many-body model for atomic collisions incorporating the Heisenberg and Pauli principles}},
  journal = 	 {Phys.\ Rev.\ A},
  year = 	 {1980},
  OPTkey = 	 {},
  volume = 	 {21},
  number = 	 {3},
  pages = 	 {834-841},
  OPTmonth = 	 {},
  OPTnote = 	 {},
  OPTannote = 	 {}
}

@Article{LEK1972,
  author = 	 {P.~W.~LANGHOFF and S.~T.~EPSTEIN and M.~KARPLUS},
  title = 	 {{Aspects of Time-Dependent Perturbation Theory}},
  journal = 	 {Rev.\ Mod.\ Phys.},
  year = 	 {1972},
  OPTkey = 	 {},
  volume = 	 {44},
  number = 	 {3},
  pages = 	 {602-644},
  month = 	 {JULY},
  OPTnote = 	 {},
  OPTannote = 	 {}
}

@Article{LFI1997,
  author = 	 {M.~T.~Lee and M.~M.~Fujimoto and I.~Iga},
  title = 	 {{Application of the method of continued fractions to low-energy electron scattering by the hydrogen molecule}},
  journal = 	 {J.\ Mol.\ Stru.\ (Theochem)},
  year = 	 {1997},
  OPTkey = 	 {},
  volume = 	 {394},
  OPTnumber = 	 {},
  pages = 	 {117-125},
  OPTmonth = 	 {},
  OPTnote = 	 {},
  OPTannote = 	 {}
}

@Article{LFI1997_1,
  author = 	 {M.~T.~Lee and M.~M.~Fujimoto and I.~Iga},
  title = 	 {{Electronic excitation of the a$^3\Sigma_g^+$ and c$^3\Pi_u$ states of H$_2$ by electron impact using the method of continued fractions}},
  journal = 	 {J.\ Mol.\ Stru.\ (Theochem)},
  year = 	 {1997},
  OPTkey = 	 {},
  volume = 	 {432},
  OPTnumber = 	 {},
  pages = 	 {197-209},
  OPTmonth = 	 {},
  OPTnote = 	 {},
  OPTannote = 	 {}
}

@Article{LFM2001,
  author = 	 {M.~T.~Lee and R.~Fujimoto and K.~T.~Mazon and M.~M.~Fujimoto},
  title = 	 {{The role played by electronic correlation of target on the vibrational excitation cross sections of H$_2$ by electron impact}},
  journal = 	 {J.\ Mol.\ Stru.\ (Theochem)},
  year = 	 {2001},
  OPTkey = 	 {},
  volume = 	 {541},
  OPTnumber = 	 {},
  pages = 	 {51-57},
  OPTmonth = 	 {},
  OPTnote = 	 {},
  OPTannote = 	 {}
}

@Article{LGE1996,
  author = 	 {D.~G.~Lappas and R.~Grobe and J.~H.~Eberly},
  title = 	 {{Computation of exchange probability in one-dimensional electron-hydrogen scattergin}},
  journal = 	 {Phys.\ Rev.\ A},
  year = 	 {1988},
  OPTkey = 	 {},
  volume = 	 {54},
  number = 	 {4},
  pages = 	 {3042-3048},
  month = 	 {OCTOBER},
  OPTnote = 	 {},
  OPTannote = 	 {}
}

@Article{LGY1982,
  author = 	 {Laurence G.~Yaffe},
  title = 	 {{Large $N$ limits as classical mechanics}},
  journal = 	 {Rev.\ Mod.\ Phys.},
  year = 	 {1982},
  OPTkey = 	 {},
  volume = 	 {54},
  number = 	 {2},
  pages = 	 {407-435},
  month = 	 {April},
  OPTnote = 	 {},
  OPTannote = 	 {}
}

@Article{LM1981,
  author = 	 {Robert R.~Lucchese and Vincent McKoy},
  title = 	 {{Iterative approach to the Schwinger variational principle applied to electron-molecular-ion collisions}},
  journal = 	 {Phys.\ Rev.\ A},
  year = 	 {1981},
  OPTkey = 	 {},
  volume = 	 {24},
  number = 	 {2},
  pages = 	 {770-776},
  OPTmonth = 	 {},
  OPTnote = 	 {},
  OPTannote = 	 {}
}

@Article{LM1999,
  author = 	 {L.~Mandel},
  title = 	 {{Quantum effects in one-photon and two-photon interference}},
  journal = 	 {Rev.\ Mod.\ Phys.},
  year = 	 {1999},
  OPTkey = 	 {},
  volume = 	 {71},
  number = 	 {2},
  pages = 	 {S274-S282},
  OPTmonth = 	 {},
  OPTnote = 	 {},
  OPTannote = 	 {}
}

@Article{LSC2005,
  author = 	 {Xianming Liu and Donald E.~Shemansky and Marco Ciocca and Isik Kanik and Joseph M.~Aiello},
  title = 	 {{Analysis of the Physical Properties of the N$_2$ $c'^1\Sigma-u^+(0)-X^1\Sigma_g^+(0)$ transition}},
  journal = 	 {The Astrophysical Journal},
  year = 	 {2005},
  OPTkey = 	 {},
  volume = 	 {623},
  number = 	 {2},
  pages = 	 {18924},
  month = 	 {April},
  OPTnote = 	 {},
  OPTannote = 	 {}
}

@Article{LSF2004a,
  author = 	 {LIU Guoyue and SUN Weiguo and FENG Hao},
  title = 	 {{Studies on the analytical potential energy function of diatomic molecular ion XY+ using variational method}},
  journal = 	 {Science in China Ser. G},
  year = 	 {2004},
  OPTkey = 	 {},
  volume = 	 {47},
  number = 	 {2},
  pages = 	 {154-164},
  OPTmonth = 	 {},
  OPTnote = 	 {},
  OPTannote = 	 {}
}

@ARTICLE{MAM1980,
   author = {M.~A.~Morrison},
     year = {1980},
  journal = {Comp.\ Phys.\ Comm.},
   volume = {21},
    pages = {63}
}

@Article{MB1964,
  author = 	 {A.~D.~McLACHLAN and M.~A.~BALL},
  title = 	 {{Time-Dependent Hartree-Fock Theory for Molecules}},
  journal = 	 {Rev.\ Mod.\ Phys.},
  year = 	 {1964},
  OPTkey = 	 {},
  volume = 	 {36},
  number = 	 {3},
  pages = 	 {844-855},
  OPTmonth = 	 {},
  OPTnote = 	 {},
  OPTannote = 	 {}
}

@Article{MC1978,
  author = 	 {Michael A.~Morrison and Lee A.~Collins},
  title = 	 {{Exchange in low-energy electron-molecule scattering: Free-electron-gas model exchange potentials and applications to $e$-H$_2$ and $e$-N$_2$ collisions}},
  journal = 	 {Phys.\ Rev.\ A},
  year = 	 {1978},
  OPTkey = 	 {},
  volume = 	 {17},
  number = 	 {3},
  pages = 	 {918-938},
  OPTmonth = 	 {},
  OPTnote = 	 {},
  OPTannote = 	 {}
}

@Article{MC1981,
  author = 	 {Michael A.~Morrison and Lee A.~Collins},
  title = 	 {{Exchange in low-energy electron-molecule scattering: Orthogonalization and free-electron-gas approximations for collisions with polar and nonpolarmolecules}},
  journal = 	 {Phys.\ Rev.\ A},
  year = 	 {1981},
  OPTkey = 	 {},
  volume = 	 {23},
  number = 	 {1},
  pages = 	 {127-138},
  month = 	 {JANUARY},
  OPTnote = 	 {},
  OPTannote = 	 {}
}

@Article{MCG1998,
  author = 	 {Martin C.~Gutzwiller},
  title = 	 {{Moon-Earth-Sun: The oldest three-body problem}},
  journal = 	 {Rev.\ Mod.\ Phys.},
  year = 	 {1998},
  OPTkey = 	 {},
  volume = 	 {70},
  number = 	 {2},
  pages = 	 {589-639},
  month = 	 {April},
  OPTnote = 	 {},
  OPTannote = 	 {}
}

@Book{MDP2002,
  author = 	 {Michael de Podesta},
  ALTeditor = 	 {},
  title = 	 {{Understanding the Properties of Matter}},
  publisher = 	 {Taylor \& Francis Inc.},
  year = 	 {2002},
  OPTkey = 	 {},
  OPTvolume = 	 {},
  OPTnumber = 	 {},
  OPTseries = 	 {},
  OPTaddress = 	 {},
  edition = 	 {Second},
  OPTmonth = 	 {},
  OPTnote = 	 {},
  OPTannote = 	 {}
}

@Article{MFL2001,
  author = 	 {K.~T.~Mazon and R.~Fujiwara and M.~-T.~Lee},
  title = 	 {{Exact exchange effects on vibrational excitation of H$_2$ by electron impact}},
  journal = 	 {Phys.\ Rev.\ A},
  year = 	 {2001},
  OPTkey = 	 {},
  volume = 	 {64},
  OPTnumber = 	 {},
  pages = 	 {042705-1-7},
  month = 	 {September},
  OPTnote = 	 {},
  OPTannote = 	 {}
}

@Article{MF1979,
  author = 	 {Michael A.~Morrison and P.~Jeffrey Hay},
  title = 	 {{\textit{Ab initio} adiabatic polarization potentials for low-energy electron-molecule and positron-molecule collisions: The $e$-N$_2$ and $e$-CO$_2$ systems}},
  journal = 	 {Phys.\ Rev.\ A},
  year = 	 {1979},
  OPTkey = 	 {},
  volume = 	 {20},
  number = 	 {3},
  pages = 	 {740-748},
  OPTmonth = 	 {},
  OPTnote = 	 {},
  OPTannote = 	 {}
}

@Article{MHR2002,
  author = 	 {C.~Wiliam McCurdy and Daniel A.~Homer and Thomas N.~Rescigno},
  title = 	 {{Time-dependent approach to collisional ionization using exterior complex scaling}},
  journal = 	 {Phys.\ Rev.\ A},
  year = 	 {2002},
  OPTkey = 	 {},
  volume = 	 {65},
  OPTnumber = 	 {},
  pages = 	 {042714-1-12},
  month = 	 {April},
  OPTnote = 	 {},
  OPTannote = 	 {}
}

@Article{MIM2003,
  author = 	 {C.~W.~McCurdy and W.~A.~Isaacs and H.~-D.~Meyer and T.~N.~Rescigno},
  title = 	 {{Resonant vibrational excitation of CO$_2$ by electron impact: Nuclear dynamics on the coupled components of the $^2\Pi_u$ resonance}},
  journal = 	 {Phys.\ Rev.\ A},
  year = 	 {2003},
  OPTkey = 	 {},
  volume = 	 {67},
  OPTnumber = 	 {},
  pages = 	 {042708-1-19},
  OPTmonth = 	 {},
  OPTnote = 	 {},
  OPTannote = 	 {}
}

@Article{ML1975,
  author = 	 {Michael A.~Morrison and Neal F.~Lane},
  title = 	 {{Pseudo-bound-state study of low-energy electron-molecule collisions: Elastic $e$-H$_2$ scattering}},
  journal = 	 {Phys.\ Rev.\ A},
  year = 	 {1975},
  OPTkey = 	 {},
  volume = 	 {12},
  number = 	 {6},
  pages = 	 {2361-2368},
  month = 	 {DECEMBER},
  OPTnote = 	 {},
  OPTannote = 	 {}
}

@Article{MM1982,
  author = 	 {C.~William McCurdy and Richard C.~Mowrey},
  title = 	 {{Complex potential-energy function for the $^2\Sigma_u^+$ shape resonance state of H$_2^-$ at the self-consistent-field level}},
  journal = 	 {Phys.\ Rev.\ A},
  year = 	 {1982},
  OPTkey = 	 {},
  volume = 	 {25},
  number = 	 {5},
  pages = 	 {2529-2538},
  month = 	 {MAY},
  OPTnote = 	 {},
  OPTannote = 	 {}
}

@Article{MPR1992,
  author = 	 {H.~-D.~Meyer and S.~Paul and U.~V.~Riss},
  title = 	 {{Inclusion of electron correlation for the target wave function in low-energy $e^-$ + N$_2$ scattering}},
  journal = 	 {Phys.\ Rev.\ A},
  year = 	 {1992},
  OPTkey = 	 {},
  volume = 	 {46},
  number = 	 {1},
  pages = 	 {186-193},
  month = 	 {JULY},
  OPTnote = 	 {},
  OPTannote = 	 {}
}

@Article{MPR1997,
  author = 	 {Pablo Moreno and Luis Plaja and Luis Roso},
  title = 	 {{Ultrahigh harmonic generation from diatomic molecular ions in highly excited vibrational states}},
  journal = 	 {Phys.\ Rev.\ A},
  year = 	 {1997},
  OPTkey = 	 {},
  volume = 	 {55},
  number = 	 {3},
  pages = 	 {R1593-R1596},
  OPTmonth = 	 {},
  OPTnote = 	 {},
  OPTannote = 	 {}
}

@Article{MRM1975,
  author = 	 {C.~W.~McCurdy, Jr. and T.~N.~Rescigno and V.~McKoy},
  title = 	 {{A many-body treatment of Feshbach theory applied to electron-atom and electron-molecule collisions}},
  journal = 	 {Phys.\ Rev.\ A},
  year = 	 {1975},
  OPTkey = 	 {},
  volume = 	 {12},
  number = 	 {2},
  pages = 	 {406-412},
  month = 	 {AUGUST},
  OPTnote = 	 {},
  OPTannote = 	 {}
}

@Article{MS1977,
  author = 	 {Michael A.~Morrison and Barry I.~Schneider},
  title = 	 {{Electron-molecule scattering theory: An $R$-matrix study of low-energy elastic $E$-N$_2$ collisions in the static-exchange approximation}},
  journal = 	 {Phys.\ Rev.\ A},
  year = 	 {1977},
  OPTkey = 	 {},
  volume = 	 {16},
  number = 	 {3},
  pages = 	 {1003-1012},
  month = 	 {SEPTEMBER},
  OPTnote = 	 {},
  OPTannote = 	 {}
}

@Article{MS1992,
  author = 	 {V.~May and M.~Schreiber},
  title = 	 {{Density-matrix theory of charge transfer}},
  journal = 	 {Phys.\ Rev.\ A},
  year = 	 {1992},
  OPTkey = 	 {},
  volume = 	 {45},
  number = 	 {5},
  pages = 	 {2868-2886},
  month = 	 {MARCH},
  OPTnote = 	 {},
  OPTannote = 	 {}
}

@Article{MT2000,
  author = 	 {Peter J.~Mohr and Barry N.~Taylor},
  title = 	 {{CODATA recommended values of the fundamental physical constants: 1998}},
  journal = 	 {Rev.\ Mod.\ Phys.},
  year = 	 {2000},
  OPTkey = 	 {},
  volume = 	 {72},
  number = 	 {2},
  pages = 	 {351-495},
  month = 	 {APRIL},
  OPTnote = 	 {},
  OPTannote = 	 {}
}

@Article{NC1977_2,
  author = 	 {N.~Chandra},
  title = 	 {{Low-energy electron scattering from CO. II. \textit{Ab initio} study using the frame-transformation theory}},
  journal = 	 {Phys.\ Rev.\ A},
  year = 	 {1977},
  OPTkey = 	 {},
  volume = 	 {16},
  number = 	 {1},
  pages = 	 {80-108},
  OPTmonth = 	 {},
  OPTnote = 	 {},
  OPTannote = 	 {}
}

@Article{NC1999,
  author = 	 {R.~K.~Nesbet and R.~Colle},
  title = 	 {{Tests of the locality of exact Kohn-Sham exchange potentials}},
  journal = 	 {Phys.\ Rev.\ A},
  year = 	 {1999},
  OPTkey = 	 {},
  volume = 	 {61},
  OPTnumber = 	 {},
  pages = 	 {012503-1-7},
  month = 	 {December},
  OPTnote = 	 {},
  OPTannote = 	 {}
}

@Article{NF1989,
  author = 	 {Augusto Agostinho Neto and Luiz G.~Ferreira},
  title = 	 {{Search for almost universal density functions based on one- and two-electron systems}},
  journal = 	 {Phys.\ Rev.\ A},
  year = 	 {1989},
  OPTkey = 	 {},
  volume = 	 {39},
  number = 	 {10},
  pages = 	 {4978-4982},
  month = 	 {MAY},
  OPTnote = 	 {},
  OPTannote = 	 {}
}

@Article{NFL1980,
  author = 	 {N. F. Lane},
  title = 	 {{The theory of electron-molecule collisions}},
  journal = 	 {Rev.\ Mod.\ Phys.},
  year = 	 {1980},
  OPTkey = 	 {},
  volume = 	 {52},
  number = 	 {1},
  pages = 	 {29-119},
  month = 	 {January},
  OPTnote = 	 {},
  OPTannote = 	 {}
}

@Article{NP1982,
  author = 	 {David W.~Norcross and Nely T.~Padial},
  title = 	 {{The multipole-extracted adiabatic-nuclei approximation for electron-molecule collisions}},
  journal = 	 {Phys.\ Rev.\ A},
  year = 	 {1982},
  OPTkey = 	 {},
  volume = 	 {25},
  number = 	 {1},
  pages = 	 {226-238},
  month = 	 {JANUARY},
  OPTnote = 	 {},
  OPTannote = 	 {}
}

@Article{ORR2002,
  author = 	 {Giovanni Onida and Lucia Reining and Angel Rubio},
  title = 	 {{Electronic excitations: density-functional versus many-body Green's-function approaches}},
  journal = 	 {Rev.\ Mod.\ Phys.},
  year = 	 {2002},
  OPTkey = 	 {},
  volume = 	 {74},
  OPTnumber = 	 {},
  pages = 	 {601-659},
  month = 	 {APRIL},
  OPTnote = 	 {},
  OPTannote = 	 {}
}

@Article{OYL1990,
  author = 	 {Hui Ou-Yang and Mei Levy},
  title = 	 {{Theorem for Exact Local Exchange Potential}},
  journal = 	 {Phys.\ Rev.\ Lett.},
  year = 	 {1990},
  OPTkey = 	 {},
  volume = 	 {65},
  number = 	 {8},
  pages = 	 {1036-1039},
  month = 	 {AUGUST},
  OPTnote = 	 {},
  OPTannote = 	 {}
}

@Article{PF1995,
  author = 	 {Peter Pfeifer and J\"{u}rg Fr\"{o}hlich},
  title = 	 {{Generalized time-energy uncertainty relations and bounds on lifetimes of resonances}},
  journal = 	 {Rev.\ Mod.\ Phys.},
  year = 	 {1995},
  OPTkey = 	 {},
  volume = 	 {67},
  number = 	 {4},
  pages = 	 {759-779},
  month = 	 {October},
  OPTnote = 	 {},
  OPTannote = 	 {}
}

@Article{PN1984,
  author = 	 {N.~T.~Padial and D.~W.~Norcross},
  title = 	 {{Parameter-free model of the correlation-polarization potential for electron-molecule collisions}},
  journal = 	 {Phys.\ Rev.\ A},
  year = 	 {1984},
  OPTkey = 	 {},
  volume = 	 {29},
  number = 	 {4},
  pages = 	 {1742-1748},
  month = 	 {APRIL},
  OPTnote = 	 {},
  OPTannote = 	 {}
}

@Article{PNW2003,
  author = 	 {K.~Peirs and D.~Van Neck and M.~Waroquier},
  title = 	 {{Algorithm to derive exact exchange-correlation potentials from correlated densities in atoms}},
  journal = 	 {Phys.\ Rev.\ A},
  year = 	 {2003},
  OPTkey = 	 {},
  volume = 	 {67},
  OPTnumber = 	 {},
  pages = 	 {012505-1-12},
  OPTmonth = 	 {},
  OPTnote = 	 {},
  OPTannote = 	 {}
}

@Article{PR1992,
  author = 	 {R.~E.~Palmer and P.~J.~Rous},
  title = 	 {{Resonances in electron scattering by molecules on surfaces}},
  journal = 	 {Rev.\ Mod.\ Phys.},
  year = 	 {1992},
  OPTkey = 	 {},
  volume = 	 {64},
  number = 	 {2},
  pages = 	 {383-440},
  month = 	 {April},
  OPTnote = 	 {},
  OPTannote = 	 {}
}

@Article{PTA1992,
  author = 	 {M.~C.~Payne and M.~P.~Teter and D.~C.~Allan and T.~A.~Arias and J.~D.~Joannopoulos},
  title = 	 {{Iterative minimization techniques for \textit{ab initio} total-energy calculations: molecular dynamics and conjugate gradients}},
  journal = 	 {Rev.\ Mod.\ Phys.},
  year = 	 {1992},
  OPTkey = 	 {},
  volume = 	 {64},
  number = 	 {4},
  pages = 	 {1045-1097},
  month = 	 {October},
  OPTnote = 	 {},
  OPTannote = 	 {}
}

@Article{RAM1993,
  author = 	 {Rudolph A.~Marcus},
  title = 	 {{Electron transfer reactions in chemisty. Theory and experiment}},
  journal = 	 {Rev.\ Mod.\ Phys.},
  year = 	 {1993},
  OPTkey = 	 {},
  volume = 	 {65},
  number = 	 {3},
  pages = 	 {599-610},
  OPTmonth = 	 {},
  OPTnote = 	 {},
  OPTannote = 	 {}
}

@Article{RIO2002,
  author = 	 {T.~N.~Rescigno and W.~A.~Isaacs and A.~E.~Orel and H.~-D.~Meyer and C.~W.~McCurdy},
  title = 	 {{Theoretical study of resonant vibrational excitation of CO$_2$ by electron impact}},
  journal = 	 {Phys.\ Rev.\ A},
  year = 	 {2002},
  OPTkey = 	 {},
  volume = 	 {65},
  OPTnumber = 	 {},
  pages = 	 {032716-1-13},
  OPTmonth = 	 {},
  OPTnote = 	 {},
  OPTannote = 	 {}
}

@Article{RKN1999,
  author = 	 {R.~K.~Nesbet},
  title = 	 {{Exact exchange in linear-response theory}},
  journal = 	 {Phys.\ Rev.\ A},
  year = 	 {1999},
  OPTkey = 	 {},
  volume = 	 {60},
  number = 	 {5},
  pages = 	 {R3343-R3346},
  OPTmonth = 	 {},
  OPTnote = 	 {},
  OPTannote = 	 {}
}

@Article{RKN2000,
  author = 	 {R.~K.~Nesbet},
  title = 	 {{Bound-free correlation in electron scattering by atoms and molecules}},
  journal = 	 {Phys.\ Rev.\ A},
  year = 	 {2000},
  OPTkey = 	 {},
  volume = 	 {62},
  OPTnumber = 	 {},
  pages = 	 {040701-1-4},
  month = 	 {September},
  OPTnote = 	 {},
  OPTannote = 	 {}
}

@Article{RO1981,
  author = 	 {T.~N.~Rescigno and A.~E.~Orel},
  title = 	 {{Sparable approximation for exchange interactions in electron-molecule scattering}},
  journal = 	 {Phys.\ Rev.\ A},
  year = 	 {1981},
  OPTkey = 	 {},
  volume = 	 {24},
  number = 	 {3},
  pages = 	 {1267-1271},
  month = 	 {SEPTEMBER},
  OPTnote = 	 {},
  OPTannote = 	 {}
}

@Article{RO1982,
  author = 	 {T.~N.~Rescigno and A.~E.~Orel},
  title = 	 {{Separable approximation for exchange interactions in electron-molecule scattering: Numerical stabilization procedures}},
  journal = 	 {Phys.\ Rev.\ A},
  year = 	 {1982},
  OPTkey = 	 {},
  volume = 	 {25},
  number = 	 {4},
  pages = 	 {2402-2404},
  month = 	 {APRIL},
  OPTnote = 	 {},
  OPTannote = 	 {}
}

@Article{RO1992,
  author = 	 {Roland Omn\'{e}s},
  title = 	 {{Consistent interpretations of quantum mechanics}},
  journal = 	 {Rev.\ Mod.\ Phys.},
  year = 	 {1992},
  OPTkey = 	 {},
  volume = 	 {64},
  number = 	 {2},
  pages = 	 {339-382},
  month = 	 {April},
  OPTnote = 	 {},
  OPTannote = 	 {}
}

@Article{RPF1939,
  author = 	 {R.~P.~FEYNMAN},
  title = 	 {{Forces in Molecules}},
  journal = 	 {PHs.\ Rev.},
  year = 	 {1939},
  OPTkey = 	 {},
  volume = 	 {56},
  OPTnumber = 	 {},
  pages = 	 {340-343},
  month = 	 {AUGUST},
  OPTnote = 	 {},
  OPTannote = 	 {}
}

@Article{RPF1957,
  author = 	 {R.~P.~FEYNMAN},
  title = 	 {{Superfluidity and Superconductivity}},
  journal = 	 {Rev.\ Mod.\ Phys.},
  year = 	 {1957},
  OPTkey = 	 {},
  volume = 	 {29},
  number = 	 {2},
  pages = 	 {205-212},
  month = 	 {APRIL},
  OPTnote = 	 {},
  OPTannote = 	 {}
}

@Article{RSB1960,
  author = 	 {R.~STEPHEN BERRY},
  title = 	 {{Time-Dependent Measurements and Molecular Structure: Ozone}},
  journal = 	 {Rev.\ Mod.\ Phys.},
  year = 	 {1960},
  OPTkey = 	 {},
  volume = 	 {32},
  number = 	 {2},
  pages = 	 {447-454},
  month = 	 {APRIL},
  OPTnote = 	 {},
  OPTannote = 	 {}
}

@Article{SBB1993,
  author = 	 {Michael W.~Schmidt and Kim K.~Baldridge and Jerry A.~Boatz and Steven T.~Elbert and Mark S.~Gordon and Jan H.~Jensen and Shiro Koseki and Nikita Matsunaga and Kiet A.~Nguyen and Shujun J.~Su and Theresa L.~Windus and Michel Dupuis and John A.~Montgomery},
  title = 	 {{General Atomic and Molecular Electronic Structure System}},
  journal = 	 {J.\ Comput.\ Chem.},
  year = 	 {1993},
  OPTkey = 	 {},
  volume = 	 {14},
  number = 	 {11},
  pages = 	 {1347-1363},
  OPTmonth = 	 {},
  OPTnote = 	 {},
  OPTannote = 	 {}
}

@Article{RSH2005,
  author = 	 {REN Weiyi and SUN Weiguo and HOU Shilin and FENG Hao},
  title = 	 {{Accurate studies on the full vibrational energy spectra and molecular dissociation energies for some electronic states of N2 molecule}},
  journal = 	 {Science in China Ser. G},
  year = 	 {2005},
  OPTkey = 	 {},
  volume = 	 {48},
  number = 	 {4},
  pages = 	 {385-398},
  OPTmonth = 	 {},
  OPTnote = 	 {},
  OPTannote = 	 {}
}

@Article{SC1981,
  author = 	 {Barry I.~Schneider and Lee A.~Collins},
  title = 	 {{Linear-algebraic approach to electron-molecule collisions: Separable exchange approximations}},
  journal = 	 {Phys.\ Rev.\ A},
  year = 	 {1981},
  OPTkey = 	 {},
  volume = 	 {24},
  number = 	 {3},
  pages = 	 {1264-1266},
  month = 	 {SEPTEMBER},
  OPTnote = 	 {},
  OPTannote = 	 {}
}

@Article{SC1983,
  author = 	 {B.~I.~Schneider and L.~A.~Collins},
  title = 	 {{\textit{Ab initio} optical potentials applied to low-energy $e$-H$_2$ and $e$-N$_2$ collisions in the linear-algebraic approach}},
  journal = 	 {Phys.\ Rev.\ A},
  year = 	 {1983},
  OPTkey = 	 {},
  volume = 	 {27},
  number = 	 {6},
  pages = 	 {2847-2857},
  month = 	 {JUNE},
  OPTnote = 	 {},
  OPTannote = 	 {}
}

@Article{SC1986,
  author = 	 {B.~I.~Schneider and L.~A.~Collins},
  title = 	 {{Electronic excitation of atoms and molecules using the linear-algebraic method}},
  journal = 	 {Phys.\ Rev.\ A},
  year = 	 {1986},
  OPTkey = 	 {},
  volume = 	 {33},
  number = 	 {5},
  pages = 	 {2982-2988},
  month = 	 {MAY},
  OPTnote = 	 {},
  OPTannote = 	 {}
}

@Article{SC1998,
  author = 	 {T.~Sommerfeld and L.~S.~Cederbaum},
  title = 	 {{Long-Lived States of N$_2^-$}},
  journal = 	 {Phys.\ Rev.\ Lett.},
  year = 	 {1998},
  OPTkey = 	 {},
  volume = 	 {80},
  number = 	 {17},
  pages = 	 {3723-3726},
  month = 	 {APRIL},
  OPTnote = 	 {},
  OPTannote = 	 {}
}

@Article{SDD1999,
  author = 	 {Sidney D.~Drell},
  title = 	 {{Physics and U.S.\ national security}},
  journal = 	 {Rev.\ Mod.\ Phys.},
  year = 	 {1999},
  OPTkey = 	 {},
  volume = 	 {71},
  number = 	 {2},
  pages = 	 {S460-S470},
  OPTmonth = 	 {},
  OPTnote = 	 {},
  OPTannote = 	 {}
}

@Article{SF1999,
  author = 	 {Weiguo Sun and Hao Feng},
  title = 	 {{An energy-consistent method for potential energy curves of diatomic molecules}},
  journal = 	 {J. Phys. B},
  year = 	 {1999},
  OPTkey = 	 {},
  volume = 	 {32},
  number = 	 {21},
  pages = 	 {5109-5121},
  month = 	 {November},
  OPTnote = 	 {},
  OPTannote = 	 {}
}

@Article{SG1999,
  author = 	 {Stefan Goedecker},
  title = 	 {{Linear scaling electronic structure methods}},
  journal = 	 {Rev.\ Mod.\ Phys.},
  year = 	 {1999},
  OPTkey = 	 {},
  volume = 	 {71},
  number = 	 {4},
  pages = 	 {1085-1123},
  month = 	 {July},
  OPTnote = 	 {},
  OPTannote = 	 {}
}

@Article{SGB2001,
  author = 	 {James P.~Sullivan and Steven J.~Gilbert and Stephen J.~Buckman and Clifford M.~Surko},
  title = 	 {{Search for resonances in the scattering of low-energy positrons from atoms and molecules}},
  journal = 	 {J.\ Phys.\ B: At.\ Mol.\ Opt.\ Phys.},
  year = 	 {2001},
  OPTkey = 	 {},
  volume = 	 {34},
  OPTnumber = 	 {},
  pages = 	 {L467-L474},
  OPTmonth = 	 {},
  OPTnote = 	 {},
  OPTannote = 	 {}
}

@Article{SI1993,
  author = 	 {Setsuo Ichimaru},
  title = 	 {{Nuclear fusion in dense plasmas}},
  journal = 	 {Rev.\ Mod.\ Phys.},
  year = 	 {1993},
  OPTkey = 	 {},
  volume = 	 {55},
  number = 	 {2},
  pages = 	 {255-299},
  month = 	 {April},
  OPTnote = 	 {},
  OPTannote = 	 {}
}

@Article{SIB1999,
  author = 	 {P.~Schmelcher and M.~V.~Ivanov and W.~Becken},
  title = 	 {{Exchange and correlation energies of ground states of atoms and molecules in strong magnetic fields}},
  journal = 	 {Phys.\ Rev.\ A},
  year = 	 {1999},
  OPTkey = 	 {},
  volume = 	 {59},
  number = 	 {5},
  pages = 	 {3424-3431},
  month = 	 {MAY},
  OPTnote = 	 {},
  OPTannote = 	 {}
}

@Article{SLB1990,
  author = 	 {Ant\^{o}nio J.~R.~da Silva and Marco A.~P.~Lima and Luiz M.~Brescansin},
  title = 	 {{Schwinger mutichannel method: A study of a Feshbach resonance in $e$-H$_2$ collisions}},
  journal = 	 {Phys.\ Rev.\ A},
  year = 	 {1990},
  OPTkey = 	 {},
  volume = 	 {41},
  number = 	 {5},
  pages = 	 {2903-2905},
  month = 	 {MARCH},
  OPTnote = 	 {},
  OPTannote = 	 {}
}

@Article{SLZ2000,
  author = 	 {C.~P.~Sun and X.~F.~Liu and D.~L.~Zhou and S.~X.~Yu},
  title = 	 {{Quantum measurement via {Born-Oppenheimer} adiabatic dynamics}},
  journal = 	 {Phys.\ Rev.\ A},
  year = 	 {2000},
  OPTkey = 	 {},
  volume = 	 {63},
  OPTnumber = 	 {},
  pages = 	 {012111-1-5},
  OPTmonth = 	 {},
  OPTnote = 	 {},
  OPTannote = 	 {}
}

@Article{SM1994,
  author = 	 {G.~Senatore and N.~H.~March},
  title = 	 {{Recent progress in the field of electron correlation}},
  journal = 	 {Rev.\ Mod.\ Phys.},
  year = 	 {1994},
  OPTkey = 	 {},
  volume = 	 {66},
  number = 	 {2},
  pages = 	 {445-479},
  month = 	 {April},
  OPTnote = 	 {},
  OPTannote = 	 {}
}

@Article{SPH2003,
  author = 	 {Kevin E.~Strecker and Guthrie B.~Partridge and Randall G.~Hulet},
  title = 	 {{Conversion of an Atomic Fermi Gas to a Long-Lived Molecular Bose Gas}},
  journal = 	 {Phys.\ Rev.\ Lett.},
  year = 	 {2003},
  OPTkey = 	 {},
  Volume = 	 {91},
  number = 	 {8},
  pages = 	 {080406-1-4},
  month = 	 {AUGUST},
  OPTnote = 	 {},
  OPTannote = 	 {}
}

@Article{SR1988,
  author = 	 {B.~I.~Schneider and T.~N.~Rescigno},
  title = 	 {{Complex Kohn variational method: Application to low-energy electron-molecule collisions}},
  journal = 	 {Phys.\ Rev.\ A},
  year = 	 {1988},
  OPTkey = 	 {},
  volume = 	 {37},
  number = 	 {10},
  pages = 	 {3749-3754},
  month = 	 {MAY},
  OPTnote = 	 {},
  OPTannote = 	 {}
}

@Article{SRH2005,
  author = 	 {Weiguo Sun and Weiyi Ren and Shilin Hou and Hao Feng},
  title = 	 {{Studies on full vibrational spectra and dissociation energies of some diatomic molecular electronic states using algebraic approaches}},
  journal = 	 {Molecular Physics},
  year = 	 {2005},
  OPTkey = 	 {},
  volume = 	 {103},
  number = 	 {17},
  pages = 	 {2335-2345},
  OPTmonth = 	 {},
  OPTnote = 	 {},
  OPTannote = 	 {}
}

@Article{SS1997,
  author = 	 {Christopher J.~Sweeney and Tong W.~Shyn},
  title = 	 {{Measurement of absoute differential cross sections for the vibrational exictation of molecular nitrogen by electron impact in the $^2\Pi_g$ shape resonance region}},
  journal = 	 {Phys.\ Rev.\ A},
  year = 	 {1997},
  OPTkey = 	 {},
  volume = 	 {56},
  number = 	 {2},
  pages = 	 {1384-1392},
  month = 	 {AUGUST},
  OPTnote = 	 {},
  OPTannote = 	 {}
}

@Article{ST1999,
  author = 	 {J.~R.~Schrieffer and M.~Tinkham},
  title = 	 {Superconductivity},
  journal = 	 {Rev.\ Mod.\ Phys.},
  year = 	 {1999},
  OPTkey = 	 {},
  volume = 	 {71},
  number = 	 {2},
  pages = 	 {S313-S317},
  OPTmonth = 	 {},
  OPTnote = 	 {},
  OPTannote = 	 {}
}

@Article{TAA1999,
  author = 	 {T.~A.~Arias},
  title = 	 {{Multiresolution analysis of electronic structure: semicardinal and wavelet bases}},
  journal = 	 {Rev.\ Mod.\ Phys.},
  year = 	 {1999},
  OPTkey = 	 {},
  OPTvolume = 	 {71},
  OPTnumber = 	 {1},
  OPTpages = 	 {267-311},
  OPTmonth = 	 {January},
  OPTnote = 	 {},
  OPTannote = 	 {}
}

@Article{TH2000,
  author = 	 {Takao Tsuneda and Kimihiko Hirao},
  title = 	 {{Parameter-free exchange functional}},
  journal = 	 {Phys.\ Rev.\ B},
  year = 	 {2000},
  OPTkey = 	 {},
  volume = 	 {62},
  number = 	 {23},
  pages = 	 {15527-15531},
  month = 	 {DECEMBER},
  OPTnote = 	 {},
  OPTannote = 	 {}
}

@Article{TI1986,
  author = 	 {Akitomo Tachibana and Toshihiro Iwai},
  title = 	 {{Complete molecular Hamiltonian based on the {Born-Oppenheimer} adiabatic approximation}},
  journal = 	 {Phys.\ Rev.\ A},
  year = 	 {1986},
  OPTkey = 	 {},
  volume = 	 {33},
  number = 	 {4},
  pages = 	 {2262-2269},
  month = 	 {APRIL},
  OPTnote = 	 {},
  OPTannote = 	 {}
}

@Article{TKF1999,
  author = 	 {T.~Kenneth Fowler},
  title = 	 {{Nuclear power --- fusion}},
  journal = 	 {Rev.\ Mod.\ Phys.},
  year = 	 {1999},
  OPTkey = 	 {},
  volume = 	 {71},
  number = 	 {2},
  pages = 	 {S456-S459},
  OPTmonth = 	 {},
  OPTnote = 	 {},
  OPTannote = 	 {}
}

@Article{TKW2000,
  author = 	 {Xiao-Min Tong and Daiji Kato and Tsutomu Watanabe and Shunsuke Ohtani},
  title = 	 {{Time-dependent Schr\"{o}dinger equation method: Application to charge transfer and excitation in {H} and H$^+$ collisions}},
  journal = 	 {Phys.\ Rev.\ A},
  year = 	 {2000},
  OPTkey = 	 {},
  volume = 	 {62},
  number = 	 {052701-1-5},
  pages = 	 {October},
  OPTmonth = 	 {},
  OPTnote = 	 {},
  OPTannote = 	 {}
}

@Article{TRR2000,
  author =       {Gregor Tanner and Klaus Richter and Jan-Michael Rost},
  title = 	 {{The theory of two-electron atoms: between ground state and complete fragmentation}},
  journal = 	 {Rev.\ Mod.\ Phys.},
  year = 	 {2000},
  OPTkey = 	 {},
  volume = 	 {72},
  number = 	 {2},
  pages = 	 {497-544},
  month = 	 {April},
  OPTnote = 	 {},
  OPTannote = 	 {}
}

@Article{VMR2002,
  author = 	 {W.~Vanroose and C.~W.~McCurdy and T.~N.~Rescigno},
  title = 	 {{Interpretation of low-energy electron-CO$_2$ scattering}},
  journal = 	 {Phys.\ Rev.\ A},
  year = 	 {2002},
  OPTkey = 	 {},
  volume = 	 {66},
  OPTnumber = 	 {},
  pages = 	 {032720-1-10},
  OPTmonth = 	 {},
  OPTnote = 	 {},
  OPTannote = 	 {}
}

@Article{WFH2000,
  author = 	 {Roahn Wynar and R.~S.~Freeland and D.~J.~Han and C.~Ryu and D.~J.~Heinzen},
  title = 	 {{Molecules in a Bose-Einstein Condensate}},
  journal = 	 {SCIENCE},
  year = 	 {2000},
  OPTkey = 	 {},
  volume = 	 {287},
  OPTnumber = 	 {},
  pages = 	 {1016-1019},
  month = 	 {FEBRUARY},
  OPTnote = 	 {},
  OPTannote = 	 {}
}

@Article{WK1999,
  author = 	 {W.~Kohn},
  title = 	 {{An essay on condensed matter physics in the twentieth century}},
  journal = 	 {Rev.\ Mod.\ Phys.},
  year = 	 {1999},
  OPTkey = 	 {},
  volume = 	 {71},
  number = 	 {2},
  pages = 	 {S59-S77},
  OPTmonth = 	 {},
  OPTnote = 	 {},
  OPTannote = 	 {}
}

@Article{WK1999_1,
  author = 	 {W.~Kohn},
  title = 	 {{Nobel Lecture: Electronic structure of matter---wave functions and density functionals}},
  journal = 	 {Rev.\ Mod.\ Phys.},
  year = 	 {1999},
  OPTkey = 	 {},
  volume = 	 {71},
  number = 	 {5},
  pages = 	 {1253-1266},
  month = 	 {October},
  OPTnote = 	 {},
  OPTannote = 	 {}
}

@Article{WO1986,
  author = 	 {Y.~R.~Wang and A.~W.~Overhauser},
  title = 	 {{Comparison of exact exchange energies with local-density approximations}},
  journal = 	 {Phys.\ Rev.\ B},
  year = 	 {1986},
  OPTkey = 	 {},
  volume = 	 {34},
  number = 	 {10},
  pages = 	 {6839-6842},
  month = 	 {NOVEMBER},
  OPTnote = 	 {},
  OPTannote = 	 {}
}

@Article{WOT1985,
  author = 	 {C.~A.~Weatherford and K.~Onda and A.~Temkin},
  title = 	 {{Inclusion of exact exchange in the noniterative partial-differential-equation method of electron-molecule scattering: Application to $e$-N$_2$}},
  journal = 	 {Phys.\ Rev.\ A},
  year = 	 {1985},
  OPTkey = 	 {},
  OPTvolume = 	 {31},
  OPTnumber = 	 {6},
  OPTpages = 	 {3620-3626},
  OPTmonth = 	 {JUNE},
  OPTnote = 	 {},
  OPTannote = 	 {}
}

@Article{WPC1990,
  author = 	 {Yue Wang and John P.~Perdew and J.~A.~Chevary and L.~D.~Macdonald and S.~H.~Vosko},
  title = 	 {{Exchange potentials in density-functional theory}},
  journal = 	 {Phys.\ Rev.\ A},
  year = 	 {1990},
  OPTkey = 	 {},
  volume = 	 {41},
  number = 	 {1},
  pages = 	 {78-86},
  OPTmonth = 	 {},
  OPTnote = 	 {},
  OPTannote = 	 {}
}

@Article{WPW1999,
  author = 	 {Carl E.~Wieman and David E.~Pritchard and David J.~Wineland},
  title = 	 {{Atom cooling, trapping, and quantum manipulation}},
  journal = 	 {Rev.\ Mod.\ Phys.},
  year = 	 {1999},
  OPTkey = 	 {},
  volume = 	 {71},
  number = 	 {2},
  pages = 	 {S253-S262},
  OPTmonth = 	 {},
  OPTnote = 	 {},
  OPTannote = 	 {}
}

@Article{WRG1977,
  author = 	 {W.~R.~Garrett},
  title = 	 {{Rotational resonances in low-energy electron scattering by H$_2$ and D$_2$}},
  journal = 	 {Phys.\ Rev.\ A},
  year = 	 {1977},
  OPTkey = 	 {},
  volume = 	 {16},
  number = 	 {6},
  pages = 	 {2305-2314},
  month = 	 {DECEMBER},
  OPTnote = 	 {},
  OPTannote = 	 {}
}

@Article{ZCM2004,
  author = 	 {Zhiyong Zhang and Wim Vanroose and C.~W.~McCurdy and A.~E.~Orel and T.~N.~Rescigno},
  title = 	 {{Low-energy electron scattering of NO: \textit{Ab initio} analysis of the $^3\Sigma^-$, $^1\Delta$, and $^1\Sigma^+$ shape resonances in the local complex potential model}},
  journal = 	 {Phys.\ Rev.\ A},
  year = 	 {2004},
  OPTkey = 	 {},
  volume = 	 {69},
  OPTnumber = 	 {},
  pages = 	 {062711-1-11},
  OPTmonth = 	 {},
  OPTnote = 	 {},
  OPTannote = 	 {}
}


@Book{MER1957,
  author = 	 {M.~E.~Rose},
  ALTeditor = 	 {},
  title = 	 {{Elementary theory of angular momentum}},
  publisher = 	 {John Wiley \& Sons, Inc.},
  year = 	 {1957},
  OPTkey = 	 {},
  OPTvolume = 	 {},
  OPTnumber = 	 {},
  OPTseries = 	 {},
  OPTaddress = 	 {},
  OPTedition = 	 {},
  OPTmonth = 	 {},
  OPTnote = 	 {},
  OPTannote = 	 {}
}

@BOOK{PTV1992,
   author = {William H.~Press and Saul A.~Teukolsky and William T.~Vetterling and Brian P.~Flannery},
    title = {Numerical Recipes in Fortran 77},
publisher = {{Press Syndicate of the University of Cambridge}},
     year = {1997},
   volume = {1},
  edition = {2}
}
